%% LETTER B %%

@article{Betancourt2013,
  title={Generalizing the no-U-turn sampler to Riemannian manifolds},
  author={Betancourt, MJ},
  journal={arXiv:1304.1920},
  year={2013}
}

@article{Betancourt2017,
  title={A conceptual introduction to Hamiltonian Monte Carlo},
  author={Betancourt, Michael},
  journal={arXiv:1701.02434},
  year={2017}
}

@article{Betancourt2018,
  title={Calibrating Model-Based Inferences and Decisions},
  author={Betancourt, Michael},
  journal={arXiv preprint arXiv:1803.08393},
  year={2018}
}


%% LETTER G %%

@article{Gabry2018,
  title={Visualization in Bayesian workflow},
  author={Gabry, Jonah and Simpson, Daniel and Vehtari, Aki and Betancourt, Michael and Gelman, Andrew},
  journal={arXiv:1709.01449},
  year={2018}
}

%% LETTER M %%

@book{Murphy2012,
  title={Machine learning: a probabilistic approach},
  author={Murphy, Kevin},
  publisher={Massachusetts Institute of Technology},
  year={2012}
}
